
<record>
  <controlfield tag="001">812680</controlfield>
  <datafield tag="710" ind1=" " ind2=" ">
    <subfield code="g">KLOE</subfield>
  </datafield>
  <datafield tag="245" ind1=" " ind2=" ">
    <subfield code="a">Measurement of the detection efficiency of the KLOE calorimeter for neutrons between 22-MeV and 174-MeV</subfield>
  </datafield>
  <datafield tag="024" ind1="7" ind2=" ">
    <subfield code="a">10.1016/j.nima.2008.08.120</subfield>
    <subfield code="2">DOI</subfield>
  </datafield>
  <datafield tag="035" ind1=" " ind2=" ">
    <subfield code="a">Anelli:2009zza</subfield>
    <subfield code="9">SPIRESTeX</subfield>
  </datafield>
</record>