
<record>
  <controlfield tag="001">862911</controlfield>
  <datafield tag="024" ind1="7" ind2=" ">
    <subfield code="a">10.22323/1.084.0199</subfield>
    <subfield code="2">DOI</subfield>
  </datafield>
  <datafield tag="035" ind1=" " ind2=" ">
    <subfield code="a">DeLucia:2009zz</subfield>
    <subfield code="9">SPIRESTeX</subfield>
  </datafield>
  <datafield tag="245" ind1=" " ind2=" ">
    <subfield code="a">V(us) and lepton universality from kaon decays at KLOE</subfield>
  </datafield>
  <datafield tag="710" ind1=" " ind2=" ">
    <subfield code="g">KLOE</subfield>
  </datafield>
</record>